@InProceedings{leafsnap_eccv2012,
author = {Neeraj Kumar and Peter N. Belhumeur and Arijit Biswas and David W. Jacobs and W. John Kress and Ida Lopez and João V. B. Soares},
title = {Leafsnap: A Computer Vision System for Automatic Plant Species Identification},
booktitle = {The 12th European Conference on Computer Vision (ECCV)},
month = {October},
year = {2012}
}

@article{leafnet,
author = {Barré, Pierre and Stöver, Ben and Müller, Kai and Steinhage, Volker},
year = {2017},
month = {05},
pages = {},
title = {LeafNet: A computer vision system for automatic plant species identification},
volume = {40},
booktitle = {Ecological Informatics}
}

@InProceedings{flavia,
author={S. G. Wu and F. S. Bao and E. Y. Xu and Y. X. Wang and Y. F. Chang and Q. L. Xiang},
booktitle={2007 IEEE International Symposium on Signal Processing and Information Technology},
title={A Leaf Recognition Algorithm for Plant Classification Using Probabilistic Neural Network},
year={2007},
volume={},
number={},
pages={11-16},
ISSN={2162-7843},
month={Dec}}
